<?xml version="1.0" encoding="UTF-8"?>
<Document xmlns="urn:iso:std:iso:20022:tech:xsd:pain.001.001.03" xmlns:xsi="http://www.w3.org/2001/XMLSchema-instance">
  <CstmrCdtTrfInitn>
    <GrpHdr>
      <MsgId>20190622001</MsgId>
      <CreDtTm>2019-06-22T12:00:00</CreDtTm>
      <NbOfTxs>1</NbOfTxs>
      <CtrlSum>100.00</CtrlSum>
      <InitgPty>
        <Nm>Empresa Ejemplo</Nm>
      </InitgPty>
    </GrpHdr>
    <PmtInf>
      <PmtInfId>20190622001</PmtInfId>
      <PmtMtd>TRF</PmtMtd>
      <ReqdExctnDt>2019-06-30</ReqdExctnDt>
      <Dbtr>
        <Nm>Empresa Ejemplo</Nm>
      </Dbtr>
      <DbtrAcct>
        <Id>
          <IBAN>ES9121000418450200051332</IBAN>
        </Id>
      </DbtrAcct>
      <DbtrAgt>
        <FinInstnId>
          <BIC>BBVAESMMXXX</BIC>
        </FinInstnId>
      </DbtrAgt>
      <ChrgBr>SLEV</ChrgBr>
      <CdtTrfTxInf>
        <PmtId>
          <EndToEndId>20190622001</EndToEndId>
        </PmtId>
        <Amt>
          <InstdAmt Ccy="EUR">100.00</InstdAmt>
        </Amt>
        <CdtrAgt>
          <FinInstnId>
            <BIC>POPUESMMXXX</BIC>
          </FinInstnId>
        </CdtrAgt>
        <Cdtr>
          <Nm>Empleado Ejemplo</Nm>
        </Cdtr>
        <CdtrAcct>
          <Id>
            <IBAN>ES9121000418450200051332</IBAN>
          </Id>
        </CdtrAcct>
        <RmtInf>
          <Ustrd>Nómina junio 2019</Ustrd>
        </RmtInf>
      </CdtTrfTxInf>
    </PmtInf>
  </CstmrCdtTrfInitn>
</Document>